@book{tunstall2022natural,
  title={Natural language processing with transformers},
  author={Tunstall, Lewis and Von Werra, Leandro and Wolf, Thomas},
  year={2022},
  publisher={" O'Reilly Media, Inc."}
}

@article{vaswani2017attention,
  title={Attention is all you need},
  author={Vaswani, Ashish and Shazeer, Noam and Parmar, Niki and Uszkoreit, Jakob and Jones, Llion and Gomez, Aidan N and Kaiser, {\L}ukasz and Polosukhin, Illia},
  journal={Advances in neural information processing systems},
  volume={30},
  year={2017}
}


@article{lecun1989backpropagation,
  title={Backpropagation applied to handwritten zip code recognition},
  author={LeCun, Yann and Boser, Bernhard and Denker, John S and Henderson, Donnie and Howard, Richard E and Hubbard, Wayne and Jackel, Lawrence D},
  journal={Neural computation},
  volume={1},
  number={4},
  pages={541--551},
  year={1989},
  publisher={MIT Press}
}

@article{rosenblatt1958perceptron,
  title={The perceptron: a probabilistic model for information storage and organization in the brain.},
  author={Rosenblatt, Frank},
  journal={Psychological review},
  volume={65},
  number={6},
  pages={386},
  year={1958},
  publisher={American Psychological Association}
}

@unpublished{vigon2023,
  author = {Vigon, Vincent},
  note   = {\url{http://octaviogame.com/liens/}},
  title  = {Cours sur les réseaux de neurones},
  year   = {2023}
}

@misc{codestral,
  author = {Mistral},
  title = {Codestral},
  url = {https://mistral.ai/fr/news/codestral/},
  year = {2024},
  note = {Accessed on January 21, 2025}
}

@misc{llama-libgen,
  author = {{The Guardian}},
  title = {Zuckerberg approved Meta’s use of ‘pirated’ books to train AI models, authors claim},
  url = {https://www.theguardian.com/technology/2025/jan/10/mark-zuckerberg-meta-books-ai-models-sarah-silverman},
  year = {2025},
  note = {Accessed on January 21, 2025}
}

@misc{deepmind-math,
  author = {DeepMind},
  title = {AI achieves silver-medal standard solving International Mathematical Olympiad problems},
  url = {https://deepmind.google/discover/blog/ai-solves-imo-problems-at-silver-medal-level/},
  year = {2024},
  note = {Accessed on January 21, 2025}
}

@misc{mistral-math,
  author = {NuminaMath},
  title = {How NuminaMath Won the 1st AIMO Progress Prize},
  url = {https://huggingface.co/blog/winning-aimo-progress-prize},
  year = {2024},
  note = {Accessed on January 21, 2025}
}



@misc{data-peak,
  author = {The Guardian},
  title = {Elon Musk says all human data for AI training exhausted},
  url = {https://www.theguardian.com/technology/2025/jan/09/elon-musk-data-ai-training-artificial-intelligence},
  year = {2025},
  note = {Accessed on January 21, 2025}
}

@misc{ia-teaching,
  author = {Gov.uk},
  title = {AI teacher tools set to break down barriers to opportunity},
  url = {https://www.gov.uk/government/news/ai-teacher-tools-set-to-break-down-barriers-to-opportunity},
  year = {2025},
  note = {Accessed on January 21, 2025}
}

